@article{barba2019bigowl,
  title={BIGOWL: Knowledge centered big data analytics},
  author={Barba-Gonz{\'a}lez, Crist{\'o}bal and Garc{\'\i}a-Nieto, Jos{\'e} and del Mar Rold{\'a}n-Garc{\'\i}a, Mar{\'\i}a and Navas-Delgado, Ismael and Nebro, Antonio J and Aldana-Montes, Jos{\'e} F},
  journal={Expert Systems with Applications},
  volume={115},
  pages={543--556},
  year={2019},
  publisher={Elsevier}
}

